%%%%%%%%%%%%%%%%%%%%
%%% GA Elections
%%%%%%%%%%%%%%%%%%%%

@techreport{penn_sos_2018,
	title = {Report {Concerning} the {Examination} {Results} of {Election} {Systems} and {Software} {EVS} 6021 with {DS200} {Precinct} {Scanner}, {DS450} and {DS850} {Central} {Scanners}, {ExpressVote} {HW} 2.1 {Marker} and {Tabulator}, {ExpressVote} {XL} {Tabulator} and {Electionware} {EMS}},
	author = {Torres, R.},
	year = {2018},
	institution = {Commonwealth of Pennsylvania Department of State}
}

@techreport{perez18,
	title = {Georgia {State} {Election} {Technology} {Acquisition}: {A} {Reality} {Check}},
	author = {Perez, E. and Miller, G. A.},
	year = {2018},
	institution = {OSET Institute}
}

@article{herron2003overvoting,
  title={Overvoting and Representation: An examination of overvoted presidential ballots in Broward and Miami-Dade counties},
  author={Herron, M. C. and Sekhon, J. S.},
  journal={Electoral Studies},
  volume={22},
  number={1},
  pages={21--47},
  year={2003}
}

@article{tomz2003does,
  title={How does voting equipment affect the racial gap in voided ballots?},
  author={Tomz, M. and van Houweling, R. P.},
  journal={American Journal of Political Science},
  volume={47},
  number={1},
  pages={46--60},
  year={2003}
}

@article{niesse_bill_2019,
	title = {Bill to Buy New {Georgia} Voting Machines Clears Committees},
	url = {https://www.myajc.com/news/state--regional-govt--politics/new-georgia-voting-machines-approved-house-committee/avz21tiapWPwM1Qx4bq3AP/},
	journal = {The Atlanta Journal-Constitution},
	author = {Niesse, M.},
	year = {2019}
}

@misc{stark_bmds_2019,
	title = {Ballot-Marking Devices ({BMDs}) Are Not Secure Election Technology},
	url = {https://www.stat.berkeley.edu/~stark/Preprints/bmd19.pdf},
	year = {2019},
	author = {Stark, P. B.}
}

@article{harriot_thousands_2019,
	title = {Thousands of {Black} {Votes} in {Georgia} {Disappeared}},
	url = {https://www.theroot.com/exclusive-thousands-of-black-votes-in-georgia-disappea-1832472558},
	journal = {The Root},
	author = {Harriot, M.},
	year = {2019}
}

@article{zetter_crisis_2018,
	title = {The {Crisis} of {Election} {Security}},
	url = {https://nyti.ms/2N3hoAh},
	journal = {The New York Times},
	author = {Zetter, K.},
	year = {2018}
}

@article{wofford_how_2016,
	title = {How to {Hack} an {Election} in 7 {Minutes}},
	url = {https://politi.co/2K2OGOv},
	year = {2016},
	journal = {POLITICO Magazine},
	author = {Wofford, B.}
}

@techreport{norden_brennan_2015,
	title = {America's Voting Machines at Risk},
	author = {Norden, L. and Famighetti, C.},
	year = {2015},
	institution = {Brennan Center for Justice}
}

@misc{curling_kemp_2018,
	title = {Curling v. {Kemp}},
	year = {2018},
	note = {1:17-CV-2989-AT (Order Denying Motion to Dismiss)},
	author = {{United States District Court for the Northern District of Georgia, Atlanta Division}},
}

@misc{curling_kemp_amicus_2018,
	title = {Curling v. {Kemp}},
	year = {2018},
	number = {1:17-CV-2989-AT (Amicus Curiae Brief)},
	author = {{United States District Court for the Northern District of Georgia, Atlanta Division}}
}


@misc{shelby_holder_2013,
	title = {Shelby {County} v. {Holder}},
	year = {2013},
	author = {{Supreme Court of the United States}},
	note = {12-96}
}

@misc{coalition_crittenden_2019,
	title = {Coalition for {Good} {Governance}, {Martin}, {Duval}, and {Dufort} v. {Crittenden}},
	year = {2019},
	author = {{Superior Court of Fulton County, State of Georgia}},
	note = {2018-CV-3134-18}
}


@techreport{nist_auditability_2015,
     title = {Report of the Auditability Working Group},
     author = {{National Institute of Standards and Technology Auditability Working Group}},
     year = {2015},
     institution = {NIST},
     url = {https://www.eac.gov/assets/1/28/AuditabilityReport_final_January_2011.pdf},
}

@article{pew_polling_2018,
	title = {Polling {Places} {Remain} a {Target} {Ahead} of {November} {Elections}},
	author = {M. Vasilogambros},
	journal = {Stateline},
	url = {https://pew.org/2MCsiBT},
	year = {2018},
}

@article{lockhart_voting_2018,
	title = {Voting Hours in Parts of {Georgia} Extended After Technical Errors Create Long Lines},
	url = {https://www.vox.com/policy-and-politics/2018/11/6/18068492/georgia-voting-gwinnett-fulton-county-machine-problems-midterm-election-extension},
	journal = {Vox},
	author = {Lockhart, P. R.},
	year = {2018}
}


@article{whitesides_polling_2016,
	title = {Polling Places Become Battleground in {U}.{S}. Voting Rights Fight},
	url = {http://reut.rs/2cKzOaZ},
	journal = {Reuters},
	author = {Whitesides, J.},
	year = {2016}
}

@article{harnik_officials_2018,
	title = {Officials {Scrap} {Plan} {To} {Cut} {Most} {Polling} {Places} {In} {Majority} {Black} {Ga}. {County}},
	url = {https://www.wabe.org/officials-scrap-plan-to-cut-most-polling-places-in-majority-black-ga-county/},
	journal = {WABE},
	author = {Harnik, A. and Associated Press},
	year = {2018}
}


@article{niesse_voting_2018,
	author = {Niesse, M. and Prabhu, M. T. and J. Elias},
	title = {Voting Precincts Closed Across {Georgia} Since Election Oversight Lifted},
	url = {https://www.myajc.com/news/state--regional-govt--politics/voting-precincts-closed-across-georgia-since-election-oversight-lifted/bBkHxptlim0Gp9pKu7dfrN/},
	year = {2018},
	journal = {The Atlanta Journal-Constitution}
}


@article{nadler_voting_2018,
	title = {Voting Rights Become a Flashpoint in {Georgia} Governor's Race},
	journal = {AP News},
	author = {Nadler, B.},
	year = {2018},
	url = {https://apnews.com/fb011f39af3b40518b572c8cce6e906c},
}


@article{warner_machine_2003,
	chapter = {Business Day},
	title = {Machine {Politics} {In} the {Digital} {Age}},
	url = {https://nyti.ms/2vfC7bs},
	journal = {The New York Times},
	author = {Warner, M.},
	year = {2003}
}

@article{zetter_did_2003,
	title = {Did {E}-{Vote} {Firm} {Patch} {Election}?},
	url = {https://www.wired.com/2003/10/did-e-vote-firm-patch-election/},
	journal = {Wired},
	author = {Zetter, K.},
	year = {2003}
}

@article{kennedy_robert_2006,
	title = {{Will} the {Next} {Election} {Be} {Hacked}? {Electronic} {Voting} {Machines} {Can}'t be {Trusted}},
	url = {https://www.organicconsumers.org/news/robert-kennedy-jr-will-next-election-be-hacked-electronic-voting-machines-cant-be-trusted},
	journal = {Rolling Stone},
	author = {Kennedy, R. Jr.},
	year = {2006}
}


@article{augustachronicle_voting_2006,
	title = {Voting Machine Maker Hires Former State Election Chief},
	url = {https://www.augustachronicle.com/article/20061224/NEWS/312249946},
	journal = {The Augusta Chronicle},
	year = {2006},
	author = {The Augusta Chronicle}
}

@article{voterga_georgia_2014,
	title = {Georgia {Unverifiable} {Voting} {System} {Chronology}},
	url = {https://voterga.org/history/},
	journal = {VOTER GA},
	year = {2014},
	author = {{Voters Organized for Trusted Election Results in Georgia}}
}


@article{zetter_was_2018,
	title = {Was {Georgia}'s {Election} {System} {Hacked} in 2016?},
	url = {https://politi.co/2moAWUS},
	journal = {POLITICO Magazine},
	author = {Zetter, K.},
	year = {2018}
}

@article{zetter_will_2017,
	title = {Will the {Georgia} {Special} {Election} {Get} {Hacked}?},
	url = {http://politi.co/2heBRW2},
	journal = {POLITICO Magazine},
	author = {Zetter, K.},
	year = {2017}
}

@article{riley_russian_2017,
	title = {Russian {Hacks} on {U}.{S}. {Voting} {System} {Wider} {Than} {Previously} {Known}},
	url = {https://www.bloomberg.com/news/articles/2017-06-13/russian-breach-of-39-states-threatens-future-u-s-elections},
	author = {Riley, M. and Robertson, J.},
	journal = {Bloomberg},
	year = {2017}
}


@article{stahl_georgia_2017,
	title = {Georgia {Destroyed} {Election} {Data} {Right} {After} a {Lawsuit} {Alleged} {Its} {Voting} {System} {Was} a {Mess}. {Why}?},
	url = {https://slate.com/technology/2017/10/georgia-destroyed-election-data-right-after-a-lawsuit-alleged-the-system-was-vulnerable.html},
	journal = {Slate Magazine},
	author = {Stahl, J.},
	year = {2017}
}


@misc{noauthor_SAFE_2019,
	title = {Breaking: {Democratic} {Party} of {Georgia} {Calls} on {SAFE} {Commission} to {Delay} {Vote} {Following} {News} {That} {Voting} {Machine} {Lobbyist} {Is} {Longtime} {Kemp} {Crony}},
	url = {https://www.georgiademocrat.org/2019/01/breaking-democratic-party-of-georgia-calls-on-safe-commission-to-delay-vote-following-news-that-voting-machine-lobbyist-is-longtime-kemp-crony/},
	author = {Georgia Democratic Party},
	year = {2019}
}

@article{blinder_federal_2018,
	title = {Federal {Judge} {Delays} {Certification} of {Georgia} {Election} {Results}},
	url = {https://nyti.ms/2DiWDzx},
	journal = {The New York Times},
	author = {Blinder, A.},
	year = {2018}
}

@article{nakashima_georgia_2018,
	title = {In {Georgia}, A Legal Battle Over Electronic vs. Paper Voting},
	journal = {{The} {Washington} {Post}},
	url = {https://wapo.st/2QADbm8},
	author = {Nakashima, E.},
	year = {2018}
}

@article{williams_georgia_2018,
	title = {Georgia Groups Call on {GOP} Gubernatorial Nominee {Brian} {Kemp} to Step Down as the State's Elections Chief},
	url = {https://wapo.st/2MrHZHP},
	journal = {{The} {Washington} {Post}},
	author = {Williams, V.},
	year = {2018}
}


@phdthesis{everett_usability_2007,
	address = {Houston, Texas},
	title = {The Usability of Electronic Voting Machines and How Votes Can Be Changed Without Detection},
	url = {https://scholarship.rice.edu/handle/1911/20601},
	school = {Rice University},
	author = {Everett, S. P.},
	year = {2007}
}


@book{panel88,
        title = {Statistical {M}odels and {A}nalysis in {A}uditing: {A} {S}tudy of {S}tatistical {M}odels and
                 {M}ethods for {A}nalyzing {N}onstandard {M}ixtures of {D}istributions in {A}uditing},
        year = {1988},
        publisher = {National Academy Press},
        location = {Washington, D.C.},
        author = {Panel on Nonstandard Mixtures of Distributions}
}

@article{aslamEtal08,
	author = {Aslam, J. A. and R. A. Popa and R. L. Rivest},
        title = {On Auditing Elections When Precincts Have Different Sizes},
        journal = {2008 USENIX/ACCURATE Electronic Voting Technology Workshop},
        year = 2008
}

@inproceedings{benalohEtal11,
    year = 2011,
    author = {Benaloh, J. and D. Jones and E. Lazarus and M. Lindeman and P. B. Stark},
    title = {{SOBA}: Secrecy-preserving Observable Ballot-level Audits},
    journal = {2011 Electronic Voting Technology Workshop/Workshop
                 on Trustworthy Elections ({EVT/WOTE} '11)},
   organization = {USENIX}
}

@article{bergerBoos94,
    author = {Berger, R. L. and D. D. Boos},
    title = {$P$-values Maximized Over a Confidence Set for the Nuisance Parameter},
    journal = {Journal of the American Statistical Association},
    volume = {89},
    number = {427},
    year = {1994},
    pages = {1012--1016}
    }

@TechReport{everest07,
    year = 2007,
    author = {McDaniel, P. and M. Blaze and G. Vigna},
    title = {{EVEREST}: Evaluation and Validation of Election-Related Equipment, Standards and Testing},
    institution = {{O}hio {S}ecretary of {S}tate},
    url = {http://siis.cse.psu.edu/everest.html}
    }
  
@book{keener11,
    author = {Keener, R. W.},
    title = {Theoretical {S}tatistics: {T}opics for a {C}ore {C}ourse},
    publisher = {Springer},
    year = {2011},
    location = {New York}
    }


@TechReport{TTBR07,
    year = 2007,
    author = {Bowen, D.},
    title = {{T}op-to-{B}ottom {R}eview of voting machines certified for use in {C}alifornia},
    institution = {{C}alifornia {S}ecretary of {S}tate},
    url = {https://www.sos.ca.gov/elections/voting-systems/oversight/top-bottom-review/}
    }

@article{stark10d,
    year = 2010,
    author = {Stark, P. B.},
    title = {Super-Simple Simultaneous Single-Ballot Risk-Limiting Audits},
    journal = {2010 Electronic Voting Technology Workshop / Workshop
                 on Trustworthy Elections ({EVT/WOTE} '10)},
    organization = {USENIX},
}

@article{starkTeague14,
        author = {Stark, P. B. and V. Teague},
       title = {Verifiable {E}uropean Elections: Risk-Limiting Audits for {D'Hondt} and Its Relatives},
       journal = {JETS: USENIX Journal of Election Technology and Systems}, 
       volume = {3.1},
       year = 2014,
}

@article{starkWagner12,
  title={Evidence-Based Elections},
  author={Stark, P. B. and Wagner, D.},
  journal={IEEE Security \& Privacy},
  volume={10},
  number={5},
  pages={33--41},
  year={2012}
}

@article{wald45,
        author = {Wald, A.},
        year = 1945,
        title = {Sequential Tests of Statistical Hypotheses},
        journal = {Annals of Mathematical Statistics},
        volume = 16,
        pages = {117--186}
}


@article{stark08a,
    author = {Stark, P. B.},
    journal = {Annals of Applied Statistics},
    title = {Conservative Statistical Post-Election Audits},
    volume = 2,
    number = 2,
    pages = {550--581},
    year = 2008
    }

@article{mebane18,
    author = {Mebane, W. R. and M. Bernhard},
    journal = {3rd Workshop on Advances in Secure Electronic Voting 2018 (Voting '18)},
    title = {Voting Technologies, Recount Methods and Votes in Wisconsin and Michigan in 2016},
    volume = 3,
    year = 2018,
}

@techreport{blaze17,
  title={{DEFCON} 25 {Voting} {Village} Report},
  author={Blaze, M. and J. Braun and H. Hursti and J. L. Hall and M. MacAlpine and J. Moss},
  url = {https://www.defcon.org/images/defcon-25/DEFCON\%2025\%20voting\%20village\%20report.pdf},
  year=2017,
  institution = {DEFCON}
}

@techreport{blaze18,
  title={{DEFCON} 26 {Voting} {Village} Report},
  author={Blaze, M. and J. Braun and H. Hursti and D. Jefferson and M. MacAlpine and J. Moss},
  url = {https://www.defcon.org/images/defcon-26/DEF\%20CON\%2026\%20voting\%20village\%20report.pdf},
  year=2018,
  institution = {DEFCON}
}

@misc{ssci18,
  title={Russian Targeting of Election Infrastructure During the 2016 Election: Summary of Initial Findings and Recommendations},
  author={U.S. Senate Select Committee on Intelligence},
  url = {https://www.burr.senate.gov/imo/media/doc/RussRptInstlmt1-\%20ElecSec\%20Findings,Recs2.pdf},
  year=2018
}

@article{peha_touch-and-go_2006,
	title = {Touch-and-{Go} {Elections}: {The} Perils of Electronic Voting},
	url = {https://www.thenation.com/article/touch-and-go-elections-perils-electronic-voting/},
	journal = {The Nation},
	author = {Peha, J.},
	year = {2006}
}


@book{freeman2006,
  title={Was the 2004 {P}residental {E}lection {S}tolen?: Exit {P}olls, {E}lection {F}raud, and the {O}fficial {C}ount},
  author={Freeman, S. F. and Bleifuss, J.},
  year={2006},
  publisher={Seven Stories Press},
  location={New York}
}

@book{jones_broken_2012,
  title={Broken Ballots: Will Your Vote Count?},
  author={Jones, D. W. and Simons, B.},
  year={2012},
  publisher={CSLI Publications},
  location={Stanford, California}
}

@article{torres_federal_2016,
	title = {Federal Lawsuit Alleges {Georgia} Blocked Thousands of Minority Voters},
	url = {https://www.myajc.com/news/state--regional-govt--politics/federal-lawsuit-alleges-georgia-blocked-thousands-minority-voters/EKb979oRoBe4yJ3Uo1nDfP/},
	journal = {The Atlanta Journal-Constitution},
	author = {Torres, K.},
	year = {2016}
}

@article{zetter_georgia_2019,
	title = {Georgia Voting Irregularities Raise More Troubling Questions About the State's Elections},
	url = {https://politi.co/2SOlvas},
	journal = {POLITICO},
	author = {Zetter, K.},
	year = {2019}
}

@article{appel_bmds_2019,
     title = {Ballot-Marking Devices ({BMDs}) Cannot Assure the Will of the Voters},
     journal = {Social Science Research Network},
     year = {2019},
     author = {Appel, A. and DeMillo, R. and Stark, P. B.},
     url={https://www.ssrn.com/abstract=3375755}
     }

@techreport{hursti_critical_2006,
    title = {Critical security issues with {Diebold} {TSx}},
    year = {2006},
    author = {Hursti, H.},
    institution = {Black Box Voting}
    }

@techreport{hursti_critical_2005,
    title = {Critical security issues with {D}iebold optical scan design},
    year = {2005},
    author = {Hursti, H.},
    institution = {Black Box Voting}
    }
